@article{maldacena1999large,
  title={The large-N limit of superconformal field theories and supergravity},
  author={Maldacena, Juan},
  journal={International journal of theoretical physics},
  volume={38},
  number={4},
  pages={1113--1133},
  year={1999},
  publisher={Springer}
}